% Encoding: UTF-8

@Article{Hinneburg:OptimalGridClustering,
  author  = {A. Hinneburg and D. A. Keim},
  title   = {Optimal Grid-Clustering: Towards Breaking the Curse of Dimensionality in High-Dimensional Clustering},
  journal = {Proceedings of the 25th International Conference on Very Large Databases},
  year    = {1999},
  pages   = {506-517},
  url     = {https://kops.uni-konstanz.de/bitstream/handle/123456789/5790/vldb99.pdf}
}

@Article{Yeh:MatrixProfileI,
  author  = {Chin-Chia Michael Yeh and Yan Zhu and Liudmila Ulanova and Nurjahan Begum and Yifei Ding and Hoang Anh Dau and Diego Furtado Silva and Abdullah Mueen and Eamonn Keogh},
  title   = {Matrix Profile I: All Pairs Similarity Joins for Time Series: A Unifying View that Includes Motifs, Discords and Shapelets},
  journal = {IEEE ICDM 2016},
  year    = {2016},
  url     = {https://www.cs.ucr.edu/~eamonn/PID4481997_extend_Matrix%20Profile_I.pdf},
}

@Misc{Keogh:UCRMatrixProfile,
  author = {Eamonn Keogh},
  title  = {The UCR Matrix Profile Page},
  url    = {https://www.cs.ucr.edu/~eamonn/MatrixProfile.html},
}

@Article{Yeh:MatrixProfileVI,
  author  = {Chin-Chia Michael Yeh and Nickolas Kavantzas and Eamonn Keogh},
  title   = {Matrix Profile VI: Meaningful Multidimensional Motif Discovery},
  journal = {ICDM 2017},
  year    = {2017},
  url     = {http://www.cs.ucr.edu/%7Eeamonn/Motif_Discovery_ICDM.pdf},
}

@Misc{WilliamFiset:SuffixArrayPlaylist,
  author = {WilliamFiset},
  title  = {Suffix Array Playlist},
  url    = {https://www.youtube.com/watch?v=zqKlL3ZpTqs&list=PLDV1Zeh2NRsCQ_Educ7GCNs3mvzpXhHW5},
}

@Misc{Kulick:bayesianchangepointdetection,
  author       = {Johannes Kulick and (hildensia)},
  title        = {bayesian_changepoint_detection},
  howpublished = {Github},
  url          = {https://github.com/hildensia/bayesian_changepoint_detection},
}

@Article{law2019stumpy,
  author  = {Sean M. Law},
  title   = {{STUMPY: A Powerful and Scalable Python Library for Time Series Data Mining}},
  journal = {{The Journal of Open Source Software}},
  year    = {2019},
  volume  = {4},
  number  = {39},
  pages   = {1504},
  url     = {https://github.com/TDAmeritrade/stumpy/},
}

@Comment{jabref-meta: databaseType:bibtex;}
